<?xml version="1.0" encoding="UTF-8"?><collection xmlns="http://www.loc.gov/MARC21/slim"><record><leader>00462nam--2200169-u-4500</leader><controlfield tag="001">000053740</controlfield><controlfield tag="002">20161230</controlfield><controlfield tag="005">20161230201051</controlfield><controlfield tag="008">110602s1000------------r-----000-0-eng-d</controlfield><datafield ind1=" " ind2=" " tag="040"><subfield code="a">IFIN-HH</subfield></datafield><datafield ind1=" " ind2=" " tag="080"><subfield code="a">536.755</subfield></datafield><datafield ind1="1" ind2=" " tag="100"><subfield code="a">Haase, Rolf</subfield></datafield><datafield ind1="1" ind2="0" tag="245"><subfield code="a">Thermodynamics of irreversible processes</subfield><subfield code="c">Rolf haase</subfield></datafield><datafield ind1=" " ind2=" " tag="260"><subfield code="a">Reading, Massachusetts</subfield><subfield code="b">Addison-wesley Publishing Company</subfield><subfield code="c">1969</subfield></datafield><datafield ind1=" " ind2=" " tag="300"><subfield code="a">509P</subfield></datafield><datafield ind1=" " ind2=" " tag="852"><subfield code="a">75339</subfield><subfield code="c">536.7</subfield></datafield><datafield ind1=" " ind2=" " tag="CAT"><subfield code="a">Sys</subfield><subfield code="c">20110602</subfield><subfield code="h">115159</subfield></datafield></record></collection>